<?xml version="1.0" encoding="UTF-8"?><collection xmlns="http://www.loc.gov/MARC21/slim"><record><leader>00646nam--2200181-u-4500</leader><controlfield tag="001">000055643</controlfield><controlfield tag="002">20161230</controlfield><controlfield tag="005">20161230201052</controlfield><controlfield tag="008">130314s1000------------r-----000-0-rum-d</controlfield><datafield ind1=" " ind2=" " tag="040"><subfield code="a">IFIN-HH</subfield></datafield><datafield ind1=" " ind2=" " tag="041"><subfield code="a">rum</subfield></datafield><datafield ind1="1" ind2=" " tag="100"><subfield code="a">Florea, Silviu</subfield></datafield><datafield ind1="1" ind2="0" tag="245"><subfield code="a">Aspecte deterministe si probabiliste in evaluarea prin metoda elementului finit a comportarii ansamblului canal combustibil de tip candu 600 in regim normal de exploatare</subfield><subfield code="b">Teza</subfield><subfield code="c">Silviu florea</subfield></datafield><datafield ind1=" " ind2=" " tag="260"><subfield code="a">Bucuresti</subfield><subfield code="b">Universitatea</subfield><subfield code="c">2012</subfield></datafield><datafield ind1=" " ind2=" " tag="300"><subfield code="a">134P</subfield></datafield><datafield ind1=" " ind2=" " tag="502"><subfield code="a">Conducator Stiintific: Prof.Univ.As.Dr. Margarit Pavelescu</subfield></datafield><datafield ind1=" " ind2=" " tag="852"><subfield code="a">82351</subfield><subfield code="c">621.039.5</subfield></datafield><datafield ind1=" " ind2=" " tag="CAT"><subfield code="a">Sys</subfield><subfield code="c">20130603</subfield><subfield code="h">162926</subfield></datafield></record></collection>